@phdthesis{Caasenbrood2020,
author = {Caasenbrood, Brandon},
file = {:C$\backslash$:/Users/s159261/OneDrive - TU Eindhoven/Documents/Graduation/Literature/Literature Brandon/DynamicModel.pdf:pdf},
school = {Technische Universtiteit Eindhoven},
title = {{Towards Design And Control Of Soft Robotic Systems}},
year = {2020}
}

@article{Simo1986,
author = {Simo, J. C. and Vu-Quoc, L.},
doi = {10.1016/0045-7825(86)90079-4},
file = {:C$\backslash$:/Users/s159261/Downloads/1-s2.0-0045782586900794-main.pdf:pdf},
issn = {00457825},
journal = {Computer Methods in Applied Mechanics and Engineering},
number = {1},
pages = {79--116},
title = {{A three-dimensional finite-strain rod model. part II: Computational aspects}},
volume = {58},
year = {1986}
}


@article{Sola2018,
author = {Sol{\`{a}}, Joan and Deray, Jeremie and Atchuthan, Dinesh},
pages = {1--17},
title = {{A micro Lie theory for state estimation in robotics}},
journal = {{arXiv:1812.01537}},
year = {2018}
}

@book{MATLAB2020,
year = {2020},
author = {MATLAB},
title = {version 9.9 (R2020b)},
publisher = {The MathWorks Inc.},
address = {Natick, Massachusetts}
}















